@article {BradleyEtAl2016-STAT,
  title = {Multivariate spatio-temporal survey fusion with application to the {A}merican {C}ommunity {S}urvey and {L}ocal {A}rea {U}nemployment {S}tatistics},
  author = {Bradley, Jonathan R. and Holan, Scott H. and Wikle, Christopher K.},
  journal = {Stat},
  volume = {5},
  number = {1},
  pages = {224--233},
  year = {2016},
}

@inproceedings{JSM2017-STCOS,
  title = {A Model Selection Study for Spatio-Temporal Change of Support},
  author = {Andrew~M. Raim and Scott~H. Holan and Jonathan~R. Bradley and
            Christopher~K. Wikle},
  booktitle = {JSM Proceedings, Government Statistics Section.
               Alexandria, VA: American Statistical Association},
  year = 2017,
  pages = {1524--1540},
  preprint = {https://drive.google.com/uc?export=view&id=0B-2GT91ukpxVNk1nSTNfNy1LODg},
  url = {https://ww2.amstat.org/meetings/jsm/2017/onlineprogram/AbstractDetails.cfm?abstractid=323756}
}

