@article {BradleyEtAl2016-STAT,
  author = {Bradley, Jonathan R. and Holan, Scott H. and Wikle, Christopher K.},
  title = {Multivariate spatio-temporal survey fusion with application to the {A}merican {C}ommunity {S}urvey and {L}ocal {A}rea {U}nemployment {S}tatistics},
  journal = {Stat},
  volume = {5},
  number = {1},
  issn = {2049-1573},
  url = {http://dx.doi.org/10.1002/sta4.120},
  doi = {10.1002/sta4.120},
  pages = {224--233},
  year = {2016},
  note = {sta4.120},
}

